@article{champsDeFusion,
 author = {Olivier Lebeau},
 title = {L'utilisation des champs dans {M}icrosoft {W}ord},
 year = {2007 - 2010},
 note =	 {Documentation disponible à \url{http://heureuxoli.developpez.com/office/word/champs/}}
}

@article{delphi,
 author = {Frédéric Beaulieu},
 title = {Guide {P}ascal et {D}elphi},
 year = {2000 - 2008},
 pages = {4},
 note =	 {Documentation disponible à \url{http://fbeaulieu.developpez.com/guide/?page=page_4}}
}

@article{marshalling,
 author = {Microsoft Developer Network},
 title = {Didacticiel d'appel à la plate-forme},
 year = {2013},
 pages = {18},
 note =	 {Documentation disponible à \url{http://msdn.microsoft.com/fr-fr/library/aa288468(VS.71).aspx}}
}


@article{customui,
 author = {Microsoft Developer Network},
 title = {Customizing the 2007 {O}ffice {F}luent {R}ibbon for {D}evelopers},
 pages = {3},
 year = {2008},
 note =	 {Documentation disponible à \url{http://msdn.microsoft.com/en-us/library/office/aa722523(v=office.12).aspx}}
}
