%2
@article{khoo2002applying,
  title={Applying inexpensive AI techniques to computer games},
  author={Khoo, Aaron and Zubek, Robert},
  journal={Intelligent Systems, IEEE},
  volume={17},
  number={4},
  pages={48--53},
  year={2002},
  publisher={IEEE}
}

%7
@article{alvarez2013machine,
  title={Machine Learning in Video Games: The Importance of AI Logic in Gaming},
  author={Alvarez, Johann},
  year={2013}
}

%11
@inproceedings{mahdi2013level,
  title={Level Of Detail Based AI Adaptation for Agents in Video Games},
  author={Mahdi, Ghulam and Francillette, Yannick and Gouaich, Abdelkader and Michel, Fabien and Hocine, Nadia and others},
  booktitle={ICAART'2013: 5th International Conference on Agents and Artificial Intelligence},
  year={2013}
}

%12
@article{girard2001jeu,
  title={Jeu vid{\'e}o et intelligence artificielle situ{\'e}e},
  author={Girard, Beno{\^\i}t and Robert, Gabriel and Guillot, Agn{\`e}s and others},
  journal={En soumission {\`a} la revue InCognito},
  year={2001}
}

%13
@article{tambellinicomment,
  title={Comment cr{\'e}er les comportements de personnages de jeux vid{\'e}o?},
  author={TAMBELLINI, William}
}

%16
@article{ochs2009simulation,
  title={Simulation of the Dynamics of Nonplayer Characters' Emotions and Social Relations in Games},
  author={Ochs, Magalie and Sabouret, Nicolas and Corruble, Vincent},
  journal={Computational Intelligence and AI in Games, IEEE Transactions on},
  volume={1},
  number={4},
  pages={281--297},
  year={2009},
  publisher={IEEE}
}

@INPROCEEDINGS{CompGamesWithIntel,
author={Johnson, D. and Wiles, J.},
booktitle={Fuzzy Systems, 2001. The 10th IEEE International Conference on},
title={Computer games with intelligence},
year={2001},
volume={3},
pages={1355-1358},
keywords={artificial life;computer games;genetic algorithms;learning (artificial intelligence);neural nets;AI;artificial intelligence;artificial life;computer games;evolutionary Algorithms;learning;neural networks;Artificial intelligence;Artificial neural networks;Automata;Biological neural networks;Evolutionary computation;Expert systems;Fuzzy logic;Fuzzy systems;Games;Toy industry},
doi={10.1109/FUZZ.2001.1008909},}

@incollection{IntelAgents4CompGames,
year={2001},
booktitle={Computers and Games},
volume={2063},
series={Lecture Notes in Computer Science},
editor={Marsland, Tony and Frank, Ian},
doi={10.1007/3-540-45579-5_28},
title={Review: Intelligent Agents for Computer Games},
url={http://dx.doi.org/10.1007/3-540-45579-5_28},
publisher={Springer Berlin Heidelberg},
keywords={commercial games; action planning; real time; dynamics; incomplete; knowledge; resources},
author={Nareyek, Alexander},
pages={414-422},
language={English}
}

@ARTICLE{MindGames,
author={Cass, S.},
journal={Spectrum, IEEE},
title={Mind games [computer game AI]},
year={2002},
volume={39},
number={12},
pages={40-44},
keywords={artificial intelligence;computer architecture;computer games;AI;academic AI community;artifical intelligence;cheating;computer architecture;computer game;human players;social interactions refinement;video games;Artificial intelligence;Chaos;Cities and towns;Computer networks;Games;Graphics;Humans;Marine vehicles;Military computing;Power generation economics},
doi={10.1109/MSPEC.2002.1088444},
ISSN={0018-9235},}

@misc{IntelAgentsInCompGames,
author = {L{\o}land, Karl Syvert},
institution = {Norwegian University of Science and Technology, Department of Computer and Information Science},
pages = {62},
publisher = {Institutt for datateknikk og informasjonsvitenskap},
school = {Norwegian University of Science and Technology, Department of Computer and Information Science},
title = {Intelligent agents in computer games},
year = {2008}
}